@online{kipedia,
	author = {Nord Tina},
	title = {Was ist Algorithmische Voreingenommenheit},
	at = {2019-01-04},
	url = {https://www.lernen-wie-maschinen.ai/ki-pedia/was-ist-algorithmische-voreingenommenheit-algorithmic-bias/},
	urldate = {2020-04-13},
}

@book{ki,
	author = {Schütze B. \& Schlieter H.},
	title = {Künstliche Intelligenz},
	year = {2019},
}
@online{amazon,
	author = {Dastin Jeffrey},
	title = {Amazon scraps secret AI recruiting tool that showed bias against women},
	date = {2018-10-10},
	url = {https://www.reuters.com/article/us-amazon-com-jobs-automation-insight/amazon-scraps-secret-ai-recruiting-tool-that-showed-bias-against-women-idUSKCN1MK08G},
	urldate = {2020-05-24},
}
@online{kiGericht,
	title = {Vom Computer zur Gefahr für die Gesellschaft erklärt},
	date = {2019-06-11},
	url = {https://www.faz.net/aktuell/rhein-main/algorithmen-werden-in-amerika-bei-gerichtsprozessen-genutzt-16230589.html},
	subtitle = {Alogrithmen sprechen Recht},
	organization = {F.A.Z},
}

@book{kapital,
	author = {Daum Timo},
	title = {Die Künstliche Intelligenz des Kapitals},
	date = {2019-03-04},
}

@book{djbZ,
	author = {Charlotte Röttgen},
	title = {Datenethik, Algorithmen, Künstliche Intelligenz – das alles hat mit Frauenrechten zu tun},
	publisher = {djbZ Zeitschrift des Deutschen Juristinnenbundes},
	pages = {200,201},
	year = {2019},
}

@book{ethical,
	author = {Yapo, Adrienne \& Weiss, Joseph},
	title = {Ethical Implications of Bias in Machine Learning},
	date = {2018-01-03},
	url = {http://hdl.handle.net/10125/50557},
	urldate = {2020-04-13},
}

@book{critical,
	author = {Greene Daniel \& Hoffmann Anna \& Lauren
	Stark Luke},
	title = {Better, Nicer, Clearer, Fairer: A Critical Assessment of the Movement for Ethical Artificial Intelligence and Machine Learning},
	date = {2019-01-08},
	url = {http://hdl.handle.net/10125/59651},
	urldate = {2020-04-13},
}

@book{fair,
	author = {Dechesne Francien},
	title = {Fair Enough? On (Avoiding) Bias in Data, Algorithms and Decisions},
	date = {2020-03-06},
}

@online{assessments,
	author = {Angwin Julia, Larson Jeff, Mattu Surya \& Kirchner Lauren},
	title = {Machine Bias},
	date = {2016-05-23},
	url = {https://www.propublica.org/article/machine-bias-risk-assessments-in-criminal-sentencing},
	organization = {ProPublica},
	urldate = {2020-04-13},
}

@book{inductiveBias,
	author = {Snyders S., Omlin C.W.},
	title = {Inductive Bias in Recurrent Neural Networks},
	date = {2001-06-12},
}

@book{neuralNetwork,
	author = {Wang Y., Wu Z., Huang Y.},
	title = {A Bias Neural Network Based on Knowledge Distillation},
	date = {2018-10-06},
}

@book{estimation,
	author = {Reeves C.R.},
	title = {Bias Estimation for Neural Network Predictions},
	year = {1995},
}


@book{kiDefinition,
	author = {Prof. Dr. Richard Lackes \& Dr. Markus Siepermann},
	title = {Künstliche Intelligenz (KI)},
	year = {2018},
	url = {https://wirtschaftslexikon.gabler.de/definition/kuenstliche-intelligenz-ki-40285/version-263673}
}

@INPROCEEDINGS{genderBias,
	author={S. {Leavy}},
	booktitle={2018 IEEE/ACM 1st International Workshop on Gender Equality in Software Engineering (GE)}, 
	title={Gender Bias in Artificial Intelligence: The Need for Diversity and Gender Theory in Machine Learning}, 
	year={2018},
	volume={},
	number={},
	pages={14-16}
}

@online{BiasInKi,
	author = {Czihlarz Jochen},
	title = {Biases in Künstlicher Intelligenz (KI)},
	date = {2020-04-21},
	url = {https://www.anti-bias.eu/allgemein/biases-in-kuenstlicher-intelligenz/},
	urldate = {2020-05-24},
}

@book{Discriminating,
	author = {West S.M. und Whittaker M. und Crawford K.},
	title = {Discriminating Systems: Gender, Race and Power in AI},
	year = {2019},
	organization = {AI Now Institute},
	url = { https://ainowinstitute.org/discriminatingsystems.html},
	urldate = {2020-05-24},
	pages={3}
}

@book{Gesundheitsversorgung,
	author = {Obermeyer Z. und Powers B. und Vogeli C.  und Mullainathan S.},
	title = {Dissecting racial bias in an algorithm used to manage the health of populations},
	year = {2019},
	pages={447–453}
}

@INPROCEEDINGS{EliminateHumanBias,
	author={E. {Sengupta} and D. {Garg} and T. {Choudhury} and A. {Aggarwal}},
	booktitle={2018 International Conference on System Modeling   Advancement in Research Trends (SMART)}, 
	title={Techniques to Elimenate Human Bias in Machine Learning}, 
	year={2018},
	volume={},
	number={},
	pages={226-230},}